@article{DBLP:journals/corr/abs-1301-3781,
  author    = {Tomas Mikolov and
               Kai Chen and
               Greg Corrado and
               Jeffrey Dean},
  title     = {Efficient Estimation of Word Representations in Vector Space},
  journal   = {CoRR},
  volume    = {abs/1301.3781},
  year      = {2013},
  url       = {http://arxiv.org/abs/1301.3781},
  timestamp = {Thu, 07 May 2015 20:02:01 +0200},
  biburl    = {http://dblp.uni-trier.de/rec/bib/journals/corr/abs-1301-3781},
  bibsource = {dblp computer science bibliography, http://dblp.org}
}

@article{DBLP:journals/corr/MikolovSCCD13,
  author    = {Tomas Mikolov and
               Ilya Sutskever and
               Kai Chen and
               Greg Corrado and
               Jeffrey Dean},
  title     = {Distributed Representations of Words and Phrases and their Compositionality},
  journal   = {CoRR},
  volume    = {abs/1310.4546},
  year      = {2013},
  url       = {http://arxiv.org/abs/1310.4546},
  timestamp = {Thu, 07 May 2015 20:02:01 +0200},
  biburl    = {http://dblp.uni-trier.de/rec/bib/journals/corr/MikolovSCCD13},
  bibsource = {dblp computer science bibliography, http://dblp.org}
}

@article{Yu,
  author    = {April Yu and
               Daryl Chang},
  title     = {Multiclass Sentiment Prediction using Yelp Business Reviews},
  year      = {2014},
  url       = {http://cs224d.stanford.edu/reports/YuApril.pdf}
}

@article{Jong,
  author    = {Jason Jong},
  title     = {Predicting Rating with Sentiment Analysis},
  year      = {2011},
  url       = {http://cs229.stanford.edu/proj2011/Jong-%20PredictingRatingwithSentimentAnalysis.pdf}
}

@inproceedings{dos2014deep,
  title={Deep convolutional neural networks for sentiment analysis of short texts},
  author={dos Santos, C{\i}cero Nogueira and Gatti, Ma{\i}ra}
}

@article{kim2014convolutional,
  title={Convolutional neural networks for sentence classification},
  author={Kim, Yoon},
  journal={arXiv preprint arXiv:1408.5882},
  year={2014}
}

@article{kalchbrenner2014convolutional,
  title={A convolutional neural network for modelling sentences},
  author={Kalchbrenner, Nal and Grefenstette, Edward and Blunsom, Phil},
  journal={arXiv preprint arXiv:1404.2188},
  year={2014}
}

@article{lecun1995convolutional,
  title={Convolutional networks for images, speech, and time series},
  author={LeCun, Yann and Bengio, Yoshua},
  journal={The handbook of brain theory and neural networks},
  volume={3361},
  number={10},
  year={1995}
}

@inproceedings{pennington2011semi,
  title={Semi-Supervised Recursive Autoencoders for Predicting Sentiment Distributions},
  author={Pennington, Richard Socher Jeffrey and Ng, Eric H Huang Andrew Y and Manning, Christopher D}
}